@Article{SUSY-2019-08,
    author         = "{ATLAS Collaboration}",
    title          = "{Search for direct production of electroweakinos in final states with one lepton, missing transverse momentum and a Higgs boson decaying into two \(b\)-jets in \(pp\) collisions at \(\sqrt{s} = 13\,\text{TeV}\) with the ATLAS detector}",
    journal        = "Eur. Phys. J. C",
    volume         = "80",
    year           = "2020",
    pages          = "691",
    doi            = "10.1140/epjc/s10052-020-8050-3",
    reportNumber   = "CERN-EP-2019-188",
    eprint         = "1909.09226",
    archivePrefix  = "arXiv",
    primaryClass   = "hep-ex",
}
