@Booklet{ATL-PHYS-PUB-2019-029,
    author         = "{ATLAS Collaboration}",
    howpublished   = "{ATL-PHYS-PUB-2019-029}",
    url            = "https://cds.cern.ch/record/2684863",
    year           = "2019",
}
